<record><leader>00000cas a2200000 a 4500</leader><controlfield tag="001">12578159</controlfield><controlfield tag="008">850920d18881890ksuwr ne      0    0eng d</controlfield><datafield ind1=" " ind2=" " tag="010"><subfield code="a">sn 85066651 </subfield></datafield><datafield ind1=" " ind2=" " tag="040"><subfield code="a">KSH</subfield><subfield code="b">eng</subfield><subfield code="c">KSH</subfield><subfield code="d">NPT</subfield><subfield code="d">OCL</subfield><subfield code="d">OCLCQ</subfield></datafield><datafield ind1=" " ind2=" " tag="042"><subfield code="a">msc</subfield></datafield><datafield ind1="0" ind2=" " tag="130"><subfield code="a">Hermes (Hugoton, Kan.)</subfield></datafield><datafield ind1="1" ind2="4" tag="245"><subfield code="a">The hermes.</subfield></datafield><datafield ind1=" " ind2=" " tag="260"><subfield code="a">Hugoton, Kan. :</subfield><subfield code="b">Chas. M. Davis,</subfield><subfield code="c">1888-</subfield></datafield><datafield ind1=" " ind2=" " tag="300"><subfield code="a">v. ;</subfield><subfield code="c">54 cm.</subfield></datafield><datafield ind1=" " ind2=" " tag="310"><subfield code="a">Weekly</subfield></datafield><datafield ind1="0" ind2=" " tag="362"><subfield code="a">Vol. 1, no. 50 (Aug. 10, 1888)-</subfield></datafield><datafield ind1="1" ind2=" " tag="362"><subfield code="a">Ceased with Feb. 21, 1890 issue?</subfield><subfield code="z">Cf. Gregory, W. Amer. newspapers.</subfield></datafield><datafield ind1=" " ind2=" " tag="752"><subfield code="a">United States</subfield><subfield code="b">Kansas</subfield><subfield code="c">Stevens</subfield><subfield code="d">Hugoton.</subfield></datafield><datafield ind1="0" ind2="0" tag="780"><subfield code="t">Hugoton hermes (Hugoton, Kan. : 1887)</subfield><subfield code="w">(DLC)sn 85029775</subfield></datafield><datafield ind1="0" ind2="0" tag="785"><subfield code="t">Hugoton hermes (Hugoton, Kan. : 1893)</subfield><subfield code="w">(OCoLC)8772976</subfield></datafield><datafield ind1="1" ind2=" " tag="029"><subfield code="a">AU@</subfield><subfield code="b">000022169709</subfield></datafield></record>